@book{blah,
title = {A Grammar of {Blah}},
author = {Alfred E. Neuman and John X. Doe},
publisher = {Maximegalon University Press},
location = {Maximegalon},
date = {1972},
series = {Reference Grammars of Inexistent Languages},
number = {4},
}
