@online{benung,
	author      = {Carsten Becker},
	title       = {Benung},
	subtitle    = {The {A}yeri {L}anguage {R}esource},
	year		= {2024},
	url			= {https://ayeri.de},
	urldate		= {2024-05-19},
	gender		= {sm},
	langid		= {english},
}

@book{becker:ayrgram,
	author		= {Carsten Becker},
	title		= {A grammar of {A}yeri},
	subtitle	= {Documenting a fictional language},
	series		= {Benung. The Ayeri Language Resource},
	location	= {Marburg},
	publisher	= {Selbstverlag, Lulu Press},
	date		= {2018},
	url			= {https://ayeri.de/grammar},
	urldate		= {2024-05-19},
	gender		= {sm},
	langid		= {english},
}

@incollection{greenberg1966,
	author		= {Joseph H. Greenberg},
	title		= {Some universals of grammar, with particular reference to the order of meaningful elements},
	maintitle	= {Universals of Language},
	editor		= {Joseph H. Greenberg},
	edition		= {2},
	location	= {Cambridge},
	publisher	= {MIT Press},
	date		= {1966},
	pages		= {73--113},
	gender		= {sm},
	langid		= {english},
}

@online{lgr,
	author		= {Bernard Comrie and Martin Haspelmath and Balthasar Bickel},
	title		= {Leipzig glossing rules},
	subtitle	= {Conventions for interlinear morpheme-by-morpheme glosses},
	location	= {Leipzig},
	organization	= {Max-Planck-Institut für evolutionäre Anthropologie and Universität Leipzig},
	url			= {https://www.eva.mpg.de/lingua/resources/glossing-rules.php},
	date		= {2015-05-31},
	urldate		= {2024-05-27},
	gender		= {pm},
	langid		= {english},
}
