@online{becker,
author = {Carsten Becker},
title = {Benung. The Ayeri Language Resource},
date = {2012-06-27},
urldate = {2014-10-26},
url = {http://benung.nfshost.com/archives/2444},
}

@online{universalsarchive,
title = {The Universals Archive},
editor = {Frans Plank and Thomas Mayer and Tatsiana Mayorava and Elena Filimonova},
organization = {U Konstanz},
date = {2009},
urldate = {2014-10-26},
url = {http://typo.uni-konstanz.de/archive/intro},
}

@online{tolstoy,
author = {Leo Tolstoy},
title = {{Anna Karenina}},
translator = {Constance Garnett},
editor = {David Brannan and David Widger and Andrew Sly},
organization = {Project Gutenberg},
date = {2013-02-22},
urldate = {2014-10-26},
url = {http://www.gutenberg.org/ebooks/1399},
}
