@online{buch2016ss,
    title = {{K}unst- und {P}lansprachen -- von {E}speranto bis {D}othraki},
    author = {Armin Buch},
    orgainzation = {Universität Tübingen},
    url = {http://www.sfs.uni-tuebingen.de/~abuch/16ss/conlang.html},
    urldate = {2016-06-04},
}

@book{becker2011,
    author = {Carsten Becker},
    title = {A Grammar of {A}yeri},
    year = {2011},
    url = {http://benung.nfshost.com/grammar},
    urldate = {2016-06-09},
}

@online{benung,
    author = {Carsten Becker},
    title = {Benung},
    subtitle = {The {A}yeri Language Resource},
    year = {2016},
    url = {http://benung.nfshost.com},
    urldate = {2016-06-09},
}

@article{benung:flickingswitches,
    author = {Carsten Becker},
    title = {Flicking Switches},
    subtitle = {Ayeri and the {A}ustronesian Alignment},
    journaltitle = {Benung},
    journalsubtitle = {The {A}yeri Language Resource},
    date = {2012-06-27},
    url = {http://benung.nfshost.com/archives/2444},
    urldate = {2016-06-09},
}

@article{benung:verbagreement,
    author = {Carsten Becker},
    title = {Verb Agreement in {A}yeri},
    subtitle = {Bound, Clitic, or Both?},
    journaltitle = {Benung},
    journalsubtitle = {The {A}yeri Language Resource},
    date = {2016-06-01},
    url = {http://benung.nfshost.com/archives/5909},
    urldate = {2016-06-14},
}
