@book{becker:ayrgram,
	author		= {Carsten Becker},
	title		= {A grammar of {A}yeri},
	subtitle	= {Documenting a fictional language},
	series		= {Benung. The Ayeri Language Resource},
	location	= {Marburg},
	publisher	= {Self-published, Lulu Press},
	date		= {2018},
	url			= {https://ayeri.de/grammar},
	urldate		= {2024-09-22},
}

@incollection{radiohead:weirdfishes,
	author		= {Radiohead},
	title		= {Weird fishes/{A}rpeggi},
	booktitle	= {In rainbows},
	pages		= {Track 4},
	publisher	= {XL Recordings},
	location	= {London},
	date		= {2007},
}
