@online{benung,
	author      = {Carsten Becker},
	title       = {Benung},
	subtitle    = {The {A}yeri {L}anguage {R}esource},
	year		= {2024},
	url			= {https://ayeri.de},
	urldate		= {2024-05-19},
	gender		= {sm},
	langid		= {english},
}

@book{becker:ayrgram,
	author		= {Carsten Becker},
	title		= {A grammar of {A}yeri},
	subtitle	= {Documenting a fictional language},
	series		= {Benung. The Ayeri Language Resource},
	location	= {Marburg},
	publisher	= {Selbstverlag, Lulu Press},
	date		= {2018},
	url			= {https://ayeri.de/grammar},
	urldate		= {2024-05-19},
	gender		= {sm},
	langid		= {english},
}

@book{green2002,
	author		= {Lisa J. Green},
	title		= {African {A}merican {E}nglish},
	subtitle	= {A linguistic introduction},
	location	= {Cambridge},
	publisher	= {Cambridge University Press},
	date		= {2002},
	doi			= {10.1017/CBO9780511800306},
	gender		= {sf},
	langid		= {english},
}

@book{grimm:dtsagen,
	editor		= {Jacob Grimm and Wilhelm Grimm},
	title		= {Deutsche Sagen},
	volume		= {1},
	date		= {1816},
	location	= {Berlin},
	publisher	= {Nicolaische Buchhandlung},
	url			= {https://archive.org/details/deutschesagenhe00grimgoog/},
	urldate		= {2024-06-22},
	gender		= {pm},
	langid		= {german},
}

@book{lexer:mhdhwb,
	author		= {Matthias Lexer},
	title		= {Mittelhochdeutsches Handwörterbuch},
	note		= {Nachdruck der Ausgabe Leipzig, 1872--1878},
	location	= {Stuttgart},
	publisher	= {Hirzel},
	date		= {1992},
	origdate	= {1872/1878},
	url			= {https://woerterbuchnetz.de/?sigle=Lexer},
	urldate		= {2024-05-27},
	gender		= {sm},
	langid		= {german},
}

@online{lgr,
	author		= {Bernard Comrie and Martin Haspelmath and Balthasar Bickel},
	title		= {Leipzig glossing rules},
	subtitle	= {Conventions for interlinear morpheme-by-morpheme glosses},
	location	= {Leipzig},
	organization	= {Max-Planck-Institut für evolutionäre Anthropologie and Universität Leipzig},
	url			= {https://www.eva.mpg.de/lingua/resources/glossing-rules.php},
	date		= {2015-05-31},
	urldate		= {2024-05-27},
	gender		= {pm},
	langid		= {english},
}

@book{polinsky2017,
	author		= {Maria Polinsky},
	title		= {Antipassive},
	pages		= {308--331},
	doi			= {10.1093/oxfordhb/9780198739371.013.13},
	gender		= {sf},
	editor		= {Jessica Coon and Diane Massam and Lisa Demena Travis},
	maintitle	= {The {O}xford Handbook of Ergativity},
	series		= {Oxford Handbooks},
	location	= {Oxford},
	publisher	= {Oxford University Press},
	date		= {2017},
	gender		= {sf},
	langid		= {english},
}
